%YAML 1.1
%TAG !u! tag:unity3d.com,2011:
--- !u!1001 &100100000
Prefab:
  m_ObjectHideFlags: 1
  serializedVersion: 2
  m_Modification:
    m_TransformParent: {fileID: 0}
    m_Modifications: []
    m_RemovedComponents: []
  m_ParentPrefab: {fileID: 0}
  m_RootGameObject: {fileID: 1791554079981406}
  m_IsPrefabParent: 1
--- !u!1 &1010360681503640
GameObject:
  m_ObjectHideFlags: 1
  m_PrefabParentObject: {fileID: 0}
  m_PrefabInternal: {fileID: 100100000}
  serializedVersion: 5
  m_Component:
  - component: {fileID: 4143182034050700}
  m_Layer: 0
  m_Name: Bip001 L Clavicle
  m_TagString: Untagged
  m_Icon: {fileID: 0}
  m_NavMeshLayer: 0
  m_StaticEditorFlags: 0
  m_IsActive: 1
--- !u!1 &1013537417158370
GameObject:
  m_ObjectHideFlags: 1
  m_PrefabParentObject: {fileID: 0}
  m_PrefabInternal: {fileID: 100100000}
  serializedVersion: 5
  m_Component:
  - component: {fileID: 4431061823273798}
  m_Layer: 0
  m_Name: Bip001 L Finger0
  m_TagString: Untagged
  m_Icon: {fileID: 0}
  m_NavMeshLayer: 0
  m_StaticEditorFlags: 0
  m_IsActive: 1
--- !u!1 &1022507318885606
GameObject:
  m_ObjectHideFlags: 1
  m_PrefabParentObject: {fileID: 0}
  m_PrefabInternal: {fileID: 100100000}
  serializedVersion: 5
  m_Component:
  - component: {fileID: 4559026351218030}
  m_Layer: 0
  m_Name: Bip001 R Foot
  m_TagString: Untagged
  m_Icon: {fileID: 0}
  m_NavMeshLayer: 0
  m_StaticEditorFlags: 0
  m_IsActive: 1
--- !u!1 &1070856541099006
GameObject:
  m_ObjectHideFlags: 0
  m_PrefabParentObject: {fileID: 0}
  m_PrefabInternal: {fileID: 100100000}
  serializedVersion: 5
  m_Component:
  - component: {fileID: 4966583548058484}
  - component: {fileID: 137262606418305486}
  m_Layer: 0
  m_Name: Object02
  m_TagString: Untagged
  m_Icon: {fileID: 0}
  m_NavMeshLayer: 0
  m_StaticEditorFlags: 0
  m_IsActive: 1
--- !u!1 &1158961319665338
GameObject:
  m_ObjectHideFlags: 1
  m_PrefabParentObject: {fileID: 0}
  m_PrefabInternal: {fileID: 100100000}
  serializedVersion: 5
  m_Component:
  - component: {fileID: 4582165004508342}
  m_Layer: 0
  m_Name: Bip001 R Thigh
  m_TagString: Untagged
  m_Icon: {fileID: 0}
  m_NavMeshLayer: 0
  m_StaticEditorFlags: 0
  m_IsActive: 1
--- !u!1 &1164974927551396
GameObject:
  m_ObjectHideFlags: 1
  m_PrefabParentObject: {fileID: 0}
  m_PrefabInternal: {fileID: 100100000}
  serializedVersion: 5
  m_Component:
  - component: {fileID: 4103215114088626}
  m_Layer: 0
  m_Name: Bip001 R Calf
  m_TagString: Untagged
  m_Icon: {fileID: 0}
  m_NavMeshLayer: 0
  m_StaticEditorFlags: 0
  m_IsActive: 1
--- !u!1 &1195889963477822
GameObject:
  m_ObjectHideFlags: 1
  m_PrefabParentObject: {fileID: 0}
  m_PrefabInternal: {fileID: 100100000}
  serializedVersion: 5
  m_Component:
  - component: {fileID: 4535988013816042}
  m_Layer: 0
  m_Name: Bip001 L Finger02
  m_TagString: Untagged
  m_Icon: {fileID: 0}
  m_NavMeshLayer: 0
  m_StaticEditorFlags: 0
  m_IsActive: 1
--- !u!1 &1200987490308816
GameObject:
  m_ObjectHideFlags: 1
  m_PrefabParentObject: {fileID: 0}
  m_PrefabInternal: {fileID: 100100000}
  serializedVersion: 5
  m_Component:
  - component: {fileID: 4444844700580018}
  m_Layer: 0
  m_Name: Bip001 R Finger12
  m_TagString: Untagged
  m_Icon: {fileID: 0}
  m_NavMeshLayer: 0
  m_StaticEditorFlags: 0
  m_IsActive: 1
--- !u!1 &1205286441020452
GameObject:
  m_ObjectHideFlags: 1
  m_PrefabParentObject: {fileID: 0}
  m_PrefabInternal: {fileID: 100100000}
  serializedVersion: 5
  m_Component:
  - component: {fileID: 4829418803958916}
  m_Layer: 0
  m_Name: Bip001 Pelvis
  m_TagString: Untagged
  m_Icon: {fileID: 0}
  m_NavMeshLayer: 0
  m_StaticEditorFlags: 0
  m_IsActive: 1
--- !u!1 &1284404407788766
GameObject:
  m_ObjectHideFlags: 1
  m_PrefabParentObject: {fileID: 0}
  m_PrefabInternal: {fileID: 100100000}
  serializedVersion: 5
  m_Component:
  - component: {fileID: 4772396895861682}
  m_Layer: 0
  m_Name: Bip001 L Thigh
  m_TagString: Untagged
  m_Icon: {fileID: 0}
  m_NavMeshLayer: 0
  m_StaticEditorFlags: 0
  m_IsActive: 1
--- !u!1 &1311559636320226
GameObject:
  m_ObjectHideFlags: 1
  m_PrefabParentObject: {fileID: 0}
  m_PrefabInternal: {fileID: 100100000}
  serializedVersion: 5
  m_Component:
  - component: {fileID: 4186832562387210}
  m_Layer: 0
  m_Name: Bip001 R Finger11
  m_TagString: Untagged
  m_Icon: {fileID: 0}
  m_NavMeshLayer: 0
  m_StaticEditorFlags: 0
  m_IsActive: 1
--- !u!1 &1322581902689214
GameObject:
  m_ObjectHideFlags: 1
  m_PrefabParentObject: {fileID: 0}
  m_PrefabInternal: {fileID: 100100000}
  serializedVersion: 5
  m_Component:
  - component: {fileID: 4146757985273304}
  m_Layer: 0
  m_Name: Bip001 R Finger01
  m_TagString: Untagged
  m_Icon: {fileID: 0}
  m_NavMeshLayer: 0
  m_StaticEditorFlags: 0
  m_IsActive: 1
--- !u!1 &1327256791910334
GameObject:
  m_ObjectHideFlags: 1
  m_PrefabParentObject: {fileID: 0}
  m_PrefabInternal: {fileID: 100100000}
  serializedVersion: 5
  m_Component:
  - component: {fileID: 4197771316083458}
  m_Layer: 0
  m_Name: Bip001 R Finger02
  m_TagString: Untagged
  m_Icon: {fileID: 0}
  m_NavMeshLayer: 0
  m_StaticEditorFlags: 0
  m_IsActive: 1
--- !u!1 &1344004879578656
GameObject:
  m_ObjectHideFlags: 1
  m_PrefabParentObject: {fileID: 0}
  m_PrefabInternal: {fileID: 100100000}
  serializedVersion: 5
  m_Component:
  - component: {fileID: 4713613941828978}
  m_Layer: 0
  m_Name: Bip001 R Toe0
  m_TagString: Untagged
  m_Icon: {fileID: 0}
  m_NavMeshLayer: 0
  m_StaticEditorFlags: 0
  m_IsActive: 1
--- !u!1 &1354365694700240
GameObject:
  m_ObjectHideFlags: 1
  m_PrefabParentObject: {fileID: 0}
  m_PrefabInternal: {fileID: 100100000}
  serializedVersion: 5
  m_Component:
  - component: {fileID: 4682970642310624}
  m_Layer: 0
  m_Name: Bip001 Head
  m_TagString: Untagged
  m_Icon: {fileID: 0}
  m_NavMeshLayer: 0
  m_StaticEditorFlags: 0
  m_IsActive: 1
--- !u!1 &1355671808364192
GameObject:
  m_ObjectHideFlags: 1
  m_PrefabParentObject: {fileID: 0}
  m_PrefabInternal: {fileID: 100100000}
  serializedVersion: 5
  m_Component:
  - component: {fileID: 4493511953614414}
  m_Layer: 0
  m_Name: Bip001 Spine1
  m_TagString: Untagged
  m_Icon: {fileID: 0}
  m_NavMeshLayer: 0
  m_StaticEditorFlags: 0
  m_IsActive: 1
--- !u!1 &1372624326877782
GameObject:
  m_ObjectHideFlags: 1
  m_PrefabParentObject: {fileID: 0}
  m_PrefabInternal: {fileID: 100100000}
  serializedVersion: 5
  m_Component:
  - component: {fileID: 4738108397979106}
  m_Layer: 0
  m_Name: Bip001 L Calf
  m_TagString: Untagged
  m_Icon: {fileID: 0}
  m_NavMeshLayer: 0
  m_StaticEditorFlags: 0
  m_IsActive: 1
--- !u!1 &1414248525334068
GameObject:
  m_ObjectHideFlags: 1
  m_PrefabParentObject: {fileID: 0}
  m_PrefabInternal: {fileID: 100100000}
  serializedVersion: 5
  m_Component:
  - component: {fileID: 4987627480658258}
  m_Layer: 0
  m_Name: Bip001 R Clavicle
  m_TagString: Untagged
  m_Icon: {fileID: 0}
  m_NavMeshLayer: 0
  m_StaticEditorFlags: 0
  m_IsActive: 1
--- !u!1 &1430432839856862
GameObject:
  m_ObjectHideFlags: 1
  m_PrefabParentObject: {fileID: 0}
  m_PrefabInternal: {fileID: 100100000}
  serializedVersion: 5
  m_Component:
  - component: {fileID: 4739790985256448}
  m_Layer: 0
  m_Name: Bone001
  m_TagString: Untagged
  m_Icon: {fileID: 0}
  m_NavMeshLayer: 0
  m_StaticEditorFlags: 0
  m_IsActive: 1
--- !u!1 &1473405577629720
GameObject:
  m_ObjectHideFlags: 1
  m_PrefabParentObject: {fileID: 0}
  m_PrefabInternal: {fileID: 100100000}
  serializedVersion: 5
  m_Component:
  - component: {fileID: 4475748983533090}
  m_Layer: 0
  m_Name: Bip001 Spine
  m_TagString: Untagged
  m_Icon: {fileID: 0}
  m_NavMeshLayer: 0
  m_StaticEditorFlags: 0
  m_IsActive: 1
--- !u!1 &1504837698073064
GameObject:
  m_ObjectHideFlags: 1
  m_PrefabParentObject: {fileID: 0}
  m_PrefabInternal: {fileID: 100100000}
  serializedVersion: 5
  m_Component:
  - component: {fileID: 4132973848397604}
  m_Layer: 0
  m_Name: Bip001 R Hand
  m_TagString: Untagged
  m_Icon: {fileID: 0}
  m_NavMeshLayer: 0
  m_StaticEditorFlags: 0
  m_IsActive: 1
--- !u!1 &1528043263445122
GameObject:
  m_ObjectHideFlags: 1
  m_PrefabParentObject: {fileID: 0}
  m_PrefabInternal: {fileID: 100100000}
  serializedVersion: 5
  m_Component:
  - component: {fileID: 4872215796393388}
  m_Layer: 0
  m_Name: Bip001 R Forearm
  m_TagString: Untagged
  m_Icon: {fileID: 0}
  m_NavMeshLayer: 0
  m_StaticEditorFlags: 0
  m_IsActive: 1
--- !u!1 &1586163480576646
GameObject:
  m_ObjectHideFlags: 1
  m_PrefabParentObject: {fileID: 0}
  m_PrefabInternal: {fileID: 100100000}
  serializedVersion: 5
  m_Component:
  - component: {fileID: 4100169933671364}
  m_Layer: 0
  m_Name: Bip001 Prop1
  m_TagString: Untagged
  m_Icon: {fileID: 0}
  m_NavMeshLayer: 0
  m_StaticEditorFlags: 0
  m_IsActive: 1
--- !u!1 &1601539722950612
GameObject:
  m_ObjectHideFlags: 1
  m_PrefabParentObject: {fileID: 0}
  m_PrefabInternal: {fileID: 100100000}
  serializedVersion: 5
  m_Component:
  - component: {fileID: 4897216132683266}
  m_Layer: 0
  m_Name: Bip001 Neck
  m_TagString: Untagged
  m_Icon: {fileID: 0}
  m_NavMeshLayer: 0
  m_StaticEditorFlags: 0
  m_IsActive: 1
--- !u!1 &1602674676383142
GameObject:
  m_ObjectHideFlags: 1
  m_PrefabParentObject: {fileID: 0}
  m_PrefabInternal: {fileID: 100100000}
  serializedVersion: 5
  m_Component:
  - component: {fileID: 4370276732862546}
  m_Layer: 0
  m_Name: Bip001 L Hand
  m_TagString: Untagged
  m_Icon: {fileID: 0}
  m_NavMeshLayer: 0
  m_StaticEditorFlags: 0
  m_IsActive: 1
--- !u!1 &1675323145007662
GameObject:
  m_ObjectHideFlags: 1
  m_PrefabParentObject: {fileID: 0}
  m_PrefabInternal: {fileID: 100100000}
  serializedVersion: 5
  m_Component:
  - component: {fileID: 4120208709081788}
  m_Layer: 0
  m_Name: Bip001 Footsteps
  m_TagString: Untagged
  m_Icon: {fileID: 0}
  m_NavMeshLayer: 0
  m_StaticEditorFlags: 0
  m_IsActive: 1
--- !u!1 &1704403045874312
GameObject:
  m_ObjectHideFlags: 1
  m_PrefabParentObject: {fileID: 0}
  m_PrefabInternal: {fileID: 100100000}
  serializedVersion: 5
  m_Component:
  - component: {fileID: 4080189538421538}
  m_Layer: 0
  m_Name: Bip001 R Finger0
  m_TagString: Untagged
  m_Icon: {fileID: 0}
  m_NavMeshLayer: 0
  m_StaticEditorFlags: 0
  m_IsActive: 1
--- !u!1 &1712735015496786
GameObject:
  m_ObjectHideFlags: 1
  m_PrefabParentObject: {fileID: 0}
  m_PrefabInternal: {fileID: 100100000}
  serializedVersion: 5
  m_Component:
  - component: {fileID: 4638465743504426}
  m_Layer: 0
  m_Name: Bip001 L Toe0
  m_TagString: Untagged
  m_Icon: {fileID: 0}
  m_NavMeshLayer: 0
  m_StaticEditorFlags: 0
  m_IsActive: 1
--- !u!1 &1791554079981406
GameObject:
  m_ObjectHideFlags: 0
  m_PrefabParentObject: {fileID: 0}
  m_PrefabInternal: {fileID: 100100000}
  serializedVersion: 5
  m_Component:
  - component: {fileID: 4973452725734356}
  - component: {fileID: 95385531550923228}
  - component: {fileID: 114640871541840556}
  - component: {fileID: 136572497666110706}
  - component: {fileID: 114224143120634234}
  m_Layer: 0
  m_Name: Enemy
  m_TagString: Untagged
  m_Icon: {fileID: 0}
  m_NavMeshLayer: 0
  m_StaticEditorFlags: 0
  m_IsActive: 1
--- !u!1 &1798946970980686
GameObject:
  m_ObjectHideFlags: 1
  m_PrefabParentObject: {fileID: 0}
  m_PrefabInternal: {fileID: 100100000}
  serializedVersion: 5
  m_Component:
  - component: {fileID: 4129190439293914}
  m_Layer: 0
  m_Name: Bip001 L UpperArm
  m_TagString: Untagged
  m_Icon: {fileID: 0}
  m_NavMeshLayer: 0
  m_StaticEditorFlags: 0
  m_IsActive: 1
--- !u!1 &1810489287057532
GameObject:
  m_ObjectHideFlags: 0
  m_PrefabParentObject: {fileID: 0}
  m_PrefabInternal: {fileID: 100100000}
  serializedVersion: 5
  m_Component:
  - component: {fileID: 4180909886483480}
  - component: {fileID: 137152408511303400}
  m_Layer: 0
  m_Name: Object01
  m_TagString: Untagged
  m_Icon: {fileID: 0}
  m_NavMeshLayer: 0
  m_StaticEditorFlags: 0
  m_IsActive: 1
--- !u!1 &1829679716023780
GameObject:
  m_ObjectHideFlags: 1
  m_PrefabParentObject: {fileID: 0}
  m_PrefabInternal: {fileID: 100100000}
  serializedVersion: 5
  m_Component:
  - component: {fileID: 4683673001834642}
  m_Layer: 0
  m_Name: Bip001 R UpperArm
  m_TagString: Untagged
  m_Icon: {fileID: 0}
  m_NavMeshLayer: 0
  m_StaticEditorFlags: 0
  m_IsActive: 1
--- !u!1 &1891069121536496
GameObject:
  m_ObjectHideFlags: 1
  m_PrefabParentObject: {fileID: 0}
  m_PrefabInternal: {fileID: 100100000}
  serializedVersion: 5
  m_Component:
  - component: {fileID: 4589499362510556}
  m_Layer: 0
  m_Name: Bip001 L Finger01
  m_TagString: Untagged
  m_Icon: {fileID: 0}
  m_NavMeshLayer: 0
  m_StaticEditorFlags: 0
  m_IsActive: 1
--- !u!1 &1909385285694090
GameObject:
  m_ObjectHideFlags: 1
  m_PrefabParentObject: {fileID: 0}
  m_PrefabInternal: {fileID: 100100000}
  serializedVersion: 5
  m_Component:
  - component: {fileID: 4601129570370680}
  m_Layer: 0
  m_Name: Bip001 L Finger12
  m_TagString: Untagged
  m_Icon: {fileID: 0}
  m_NavMeshLayer: 0
  m_StaticEditorFlags: 0
  m_IsActive: 1
--- !u!1 &1927920552670256
GameObject:
  m_ObjectHideFlags: 0
  m_PrefabParentObject: {fileID: 0}
  m_PrefabInternal: {fileID: 100100000}
  serializedVersion: 5
  m_Component:
  - component: {fileID: 4596537584358066}
  m_Layer: 0
  m_Name: Bip001
  m_TagString: Untagged
  m_Icon: {fileID: 0}
  m_NavMeshLayer: 0
  m_StaticEditorFlags: 0
  m_IsActive: 1
--- !u!1 &1943482805040548
GameObject:
  m_ObjectHideFlags: 1
  m_PrefabParentObject: {fileID: 0}
  m_PrefabInternal: {fileID: 100100000}
  serializedVersion: 5
  m_Component:
  - component: {fileID: 4628997058062732}
  m_Layer: 0
  m_Name: Bip001 L Finger11
  m_TagString: Untagged
  m_Icon: {fileID: 0}
  m_NavMeshLayer: 0
  m_StaticEditorFlags: 0
  m_IsActive: 1
--- !u!1 &1947852134786288
GameObject:
  m_ObjectHideFlags: 1
  m_PrefabParentObject: {fileID: 0}
  m_PrefabInternal: {fileID: 100100000}
  serializedVersion: 5
  m_Component:
  - component: {fileID: 4392766494508934}
  m_Layer: 0
  m_Name: Bip001 L Foot
  m_TagString: Untagged
  m_Icon: {fileID: 0}
  m_NavMeshLayer: 0
  m_StaticEditorFlags: 0
  m_IsActive: 1
--- !u!1 &1969460484417478
GameObject:
  m_ObjectHideFlags: 1
  m_PrefabParentObject: {fileID: 0}
  m_PrefabInternal: {fileID: 100100000}
  serializedVersion: 5
  m_Component:
  - component: {fileID: 4047378593835396}
  m_Layer: 0
  m_Name: Bip001 R Finger1
  m_TagString: Untagged
  m_Icon: {fileID: 0}
  m_NavMeshLayer: 0
  m_StaticEditorFlags: 0
  m_IsActive: 1
--- !u!1 &1984479208649746
GameObject:
  m_ObjectHideFlags: 1
  m_PrefabParentObject: {fileID: 0}
  m_PrefabInternal: {fileID: 100100000}
  serializedVersion: 5
  m_Component:
  - component: {fileID: 4759656282724318}
  m_Layer: 0
  m_Name: Bip001 L Finger1
  m_TagString: Untagged
  m_Icon: {fileID: 0}
  m_NavMeshLayer: 0
  m_StaticEditorFlags: 0
  m_IsActive: 1
--- !u!1 &1987496443387888
GameObject:
  m_ObjectHideFlags: 1
  m_PrefabParentObject: {fileID: 0}
  m_PrefabInternal: {fileID: 100100000}
  serializedVersion: 5
  m_Component:
  - component: {fileID: 4077030627856070}
  m_Layer: 0
  m_Name: Bip001 L Forearm
  m_TagString: Untagged
  m_Icon: {fileID: 0}
  m_NavMeshLayer: 0
  m_StaticEditorFlags: 0
  m_IsActive: 1
--- !u!4 &4047378593835396
Transform:
  m_ObjectHideFlags: 1
  m_PrefabParentObject: {fileID: 0}
  m_PrefabInternal: {fileID: 100100000}
  m_GameObject: {fileID: 1969460484417478}
  m_LocalRotation: {x: 0.00044427745, y: -0.04742985, z: -0.10059847, w: 0.9937959}
  m_LocalPosition: {x: -0.017707758, y: 0.000003604889, z: 0.00041458843}
  m_LocalScale: {x: 1, y: 0.99999994, z: 1}
  m_Children:
  - {fileID: 4186832562387210}
  m_Father: {fileID: 4132973848397604}
  m_RootOrder: 1
  m_LocalEulerAnglesHint: {x: -8.494345, y: -21.361906, z: -45.93031}
--- !u!4 &4077030627856070
Transform:
  m_ObjectHideFlags: 1
  m_PrefabParentObject: {fileID: 0}
  m_PrefabInternal: {fileID: 100100000}
  m_GameObject: {fileID: 1987496443387888}
  m_LocalRotation: {x: 0.0000000064542367, y: -0.000000029277064, z: 0.10783099, w: 0.9941693}
  m_LocalPosition: {x: -0.02375839, y: -0.0000000011920929, z: -0.000000009536743}
  m_LocalScale: {x: 1, y: 1, z: 1}
  m_Children:
  - {fileID: 4370276732862546}
  m_Father: {fileID: 4129190439293914}
  m_RootOrder: 0
  m_LocalEulerAnglesHint: {x: -0.000005131493, y: 0.0000003026152, z: 38.258583}
--- !u!4 &4080189538421538
Transform:
  m_ObjectHideFlags: 1
  m_PrefabParentObject: {fileID: 0}
  m_PrefabInternal: {fileID: 100100000}
  m_GameObject: {fileID: 1704403045874312}
  m_LocalRotation: {x: -0.46480757, y: 0.47071034, z: 0.052488126, w: 0.74808466}
  m_LocalPosition: {x: -0.009409461, y: 0.0008181095, z: 0.005803809}
  m_LocalScale: {x: 1.0000001, y: 1.0000001, z: 0.99999994}
  m_Children:
  - {fileID: 4146757985273304}
  m_Father: {fileID: 4132973848397604}
  m_RootOrder: 0
  m_LocalEulerAnglesHint: {x: -42.8199, y: 78.20064, z: -64.59783}
--- !u!4 &4100169933671364
Transform:
  m_ObjectHideFlags: 1
  m_PrefabParentObject: {fileID: 0}
  m_PrefabInternal: {fileID: 100100000}
  m_GameObject: {fileID: 1586163480576646}
  m_LocalRotation: {x: -0.0000001616814, y: -0.6959042, z: -0.00000020967157, w: 0.71813464}
  m_LocalPosition: {x: -0.0031326893, y: -0.059318077, z: 0.008222337}
  m_LocalScale: {x: 1.0000001, y: 1, z: 1}
  m_Children: []
  m_Father: {fileID: 4596537584358066}
  m_RootOrder: 2
  m_LocalEulerAnglesHint: {x: -20.095558, y: -109.61155, z: 25.838501}
--- !u!4 &4103215114088626
Transform:
  m_ObjectHideFlags: 1
  m_PrefabParentObject: {fileID: 0}
  m_PrefabInternal: {fileID: 100100000}
  m_GameObject: {fileID: 1164974927551396}
  m_LocalRotation: {x: -0.0000000012071432, y: 0.0000000073668724, z: 0.099832244,
    w: 0.9950043}
  m_LocalPosition: {x: -0.026564345, y: 5.9604643e-10, z: 0}
  m_LocalScale: {x: 0.9999999, y: 1.0000001, z: 1}
  m_Children:
  - {fileID: 4559026351218030}
  m_Father: {fileID: 4582165004508342}
  m_RootOrder: 0
  m_LocalEulerAnglesHint: {x: 0.0000011529435, y: -0.0000013299024, z: 54.959885}
--- !u!4 &4120208709081788
Transform:
  m_ObjectHideFlags: 1
  m_PrefabParentObject: {fileID: 0}
  m_PrefabInternal: {fileID: 100100000}
  m_GameObject: {fileID: 1675323145007662}
  m_LocalRotation: {x: 0, y: 0, z: -0.7071063, w: 0.70710725}
  m_LocalPosition: {x: -0, y: 0, z: -0.066577725}
  m_LocalScale: {x: 1, y: 1, z: 1}
  m_Children: []
  m_Father: {fileID: 4596537584358066}
  m_RootOrder: 0
  m_LocalEulerAnglesHint: {x: -7.223547, y: 15.346007, z: -69.95531}
--- !u!4 &4129190439293914
Transform:
  m_ObjectHideFlags: 1
  m_PrefabParentObject: {fileID: 0}
  m_PrefabInternal: {fileID: 100100000}
  m_GameObject: {fileID: 1798946970980686}
  m_LocalRotation: {x: 0.044314325, y: -0.078412846, z: -0.05894033, w: 0.99419004}
  m_LocalPosition: {x: -0.009862542, y: -1.11758706e-10, z: -0.000000009536743}
  m_LocalScale: {x: 0.99999994, y: 0.99999994, z: 1.0000001}
  m_Children:
  - {fileID: 4077030627856070}
  m_Father: {fileID: 4143182034050700}
  m_RootOrder: 0
  m_LocalEulerAnglesHint: {x: -21.167173, y: -43.702457, z: 24.722918}
--- !u!4 &4132973848397604
Transform:
  m_ObjectHideFlags: 1
  m_PrefabParentObject: {fileID: 0}
  m_PrefabInternal: {fileID: 100100000}
  m_GameObject: {fileID: 1504837698073064}
  m_LocalRotation: {x: 0.76642346, y: 0.035446126, z: -0.07008074, w: 0.6375166}
  m_LocalPosition: {x: -0.018464142, y: -5.9604643e-10, z: 0}
  m_LocalScale: {x: 0.99999994, y: 0.99999994, z: 0.99999994}
  m_Children:
  - {fileID: 4080189538421538}
  - {fileID: 4047378593835396}
  m_Father: {fileID: 4872215796393388}
  m_RootOrder: 0
  m_LocalEulerAnglesHint: {x: 61.82504, y: -39.83486, z: -48.188385}
--- !u!4 &4143182034050700
Transform:
  m_ObjectHideFlags: 1
  m_PrefabParentObject: {fileID: 0}
  m_PrefabInternal: {fileID: 100100000}
  m_GameObject: {fileID: 1010360681503640}
  m_LocalRotation: {x: -0.49706158, y: -0.078402184, z: 0.8536131, w: -0.13463885}
  m_LocalPosition: {x: 0.0010203838, y: -0.0009706926, z: 0.009127116}
  m_LocalScale: {x: 0.99999994, y: 1, z: 0.99999994}
  m_Children:
  - {fileID: 4129190439293914}
  m_Father: {fileID: 4897216132683266}
  m_RootOrder: 1
  m_LocalEulerAnglesHint: {x: 15.514902, y: -35.843452, z: -170.91402}
--- !u!4 &4146757985273304
Transform:
  m_ObjectHideFlags: 1
  m_PrefabParentObject: {fileID: 0}
  m_PrefabInternal: {fileID: 100100000}
  m_GameObject: {fileID: 1322581902689214}
  m_LocalRotation: {x: -0.000000003514692, y: -0.0000000027071383, z: -0.008169179,
    w: 0.9999666}
  m_LocalPosition: {x: -0.005172448, y: 0, z: -0.0000000047683715}
  m_LocalScale: {x: 1, y: 0.99999994, z: 0.99999994}
  m_Children:
  - {fileID: 4197771316083458}
  m_Father: {fileID: 4080189538421538}
  m_RootOrder: 0
  m_LocalEulerAnglesHint: {x: -0.0000015215395, y: 0.00000077500874, z: -26.99241}
--- !u!4 &4180909886483480
Transform:
  m_ObjectHideFlags: 1
  m_PrefabParentObject: {fileID: 0}
  m_PrefabInternal: {fileID: 100100000}
  m_GameObject: {fileID: 1810489287057532}
  m_LocalRotation: {x: -0.7071068, y: 0, z: -0, w: 0.7071068}
  m_LocalPosition: {x: 0.05929612, y: 0.07498819, z: 0.004813067}
  m_LocalScale: {x: 1, y: 1, z: 1}
  m_Children: []
  m_Father: {fileID: 4973452725734356}
  m_RootOrder: 1
  m_LocalEulerAnglesHint: {x: 0, y: 0, z: 0}
--- !u!4 &4186832562387210
Transform:
  m_ObjectHideFlags: 1
  m_PrefabParentObject: {fileID: 0}
  m_PrefabInternal: {fileID: 100100000}
  m_GameObject: {fileID: 1311559636320226}
  m_LocalRotation: {x: -9.179102e-10, y: 1.5748874e-10, z: -0.16910225, w: 0.9855985}
  m_LocalPosition: {x: -0.0034153676, y: 0, z: 0}
  m_LocalScale: {x: 1, y: 0.99999994, z: 1}
  m_Children:
  - {fileID: 4444844700580018}
  m_Father: {fileID: 4047378593835396}
  m_RootOrder: 0
  m_LocalEulerAnglesHint: {x: -0.0000017705725, y: -0.000001459412, z: -50.5026}
--- !u!4 &4197771316083458
Transform:
  m_ObjectHideFlags: 1
  m_PrefabParentObject: {fileID: 0}
  m_PrefabInternal: {fileID: 100100000}
  m_GameObject: {fileID: 1327256791910334}
  m_LocalRotation: {x: 0.00000000580398, y: 0.0000000036283476, z: -0.16575542, w: 0.9861669}
  m_LocalPosition: {x: -0.003046949, y: -0.0000000047683715, z: 0.000000009536743}
  m_LocalScale: {x: 1, y: 0.99999994, z: 0.99999994}
  m_Children: []
  m_Father: {fileID: 4146757985273304}
  m_RootOrder: 0
  m_LocalEulerAnglesHint: {x: -0.0000004439839, y: 0.0000037922935, z: -19.887524}
--- !u!4 &4370276732862546
Transform:
  m_ObjectHideFlags: 1
  m_PrefabParentObject: {fileID: 0}
  m_PrefabInternal: {fileID: 100100000}
  m_GameObject: {fileID: 1602674676383142}
  m_LocalRotation: {x: -0.76642346, y: -0.035446126, z: -0.07008074, w: 0.6375166}
  m_LocalPosition: {x: -0.018464142, y: 0, z: 0}
  m_LocalScale: {x: 0.99999994, y: 1, z: 1}
  m_Children:
  - {fileID: 4431061823273798}
  - {fileID: 4759656282724318}
  m_Father: {fileID: 4077030627856070}
  m_RootOrder: 0
  m_LocalEulerAnglesHint: {x: -21.426012, y: -2.7277188, z: -11.233424}
--- !u!4 &4392766494508934
Transform:
  m_ObjectHideFlags: 1
  m_PrefabParentObject: {fileID: 0}
  m_PrefabInternal: {fileID: 100100000}
  m_GameObject: {fileID: 1947852134786288}
  m_LocalRotation: {x: -0.09942482, y: 0.091676295, z: -0.031433012, w: 0.9903142}
  m_LocalPosition: {x: -0.033164166, y: 4.4703483e-10, z: 0}
  m_LocalScale: {x: 1.0000001, y: 0.99999994, z: 1.0000001}
  m_Children:
  - {fileID: 4638465743504426}
  m_Father: {fileID: 4738108397979106}
  m_RootOrder: 0
  m_LocalEulerAnglesHint: {x: 18.821941, y: 14.365532, z: -20.707258}
--- !u!4 &4431061823273798
Transform:
  m_ObjectHideFlags: 1
  m_PrefabParentObject: {fileID: 0}
  m_PrefabInternal: {fileID: 100100000}
  m_GameObject: {fileID: 1013537417158370}
  m_LocalRotation: {x: 0.46480754, y: -0.47071037, z: 0.052488107, w: 0.74808466}
  m_LocalPosition: {x: -0.009409463, y: 0.0008181095, z: -0.0058038076}
  m_LocalScale: {x: 1, y: 1, z: 1}
  m_Children:
  - {fileID: 4589499362510556}
  m_Father: {fileID: 4370276732862546}
  m_RootOrder: 0
  m_LocalEulerAnglesHint: {x: 50.112564, y: -89.05781, z: -61.01771}
--- !u!4 &4444844700580018
Transform:
  m_ObjectHideFlags: 1
  m_PrefabParentObject: {fileID: 0}
  m_PrefabInternal: {fileID: 100100000}
  m_GameObject: {fileID: 1200987490308816}
  m_LocalRotation: {x: 0.000000006417129, y: -7.5208073e-10, z: -0.11640224, w: 0.99320215}
  m_LocalPosition: {x: -0.0025260304, y: 0, z: 0}
  m_LocalScale: {x: 0.99999994, y: 1, z: 1}
  m_Children: []
  m_Father: {fileID: 4186832562387210}
  m_RootOrder: 0
  m_LocalEulerAnglesHint: {x: 0.00000035897065, y: -0.000000774642, z: -65.13689}
--- !u!4 &4475748983533090
Transform:
  m_ObjectHideFlags: 1
  m_PrefabParentObject: {fileID: 0}
  m_PrefabInternal: {fileID: 100100000}
  m_GameObject: {fileID: 1473405577629720}
  m_LocalRotation: {x: -0.000002080476, y: 0.000000693676, z: -0.000398159, w: 0.99999994}
  m_LocalPosition: {x: -0.006278529, y: 0.0031800105, z: -8.209099e-11}
  m_LocalScale: {x: 1, y: 0.99999994, z: 0.99999994}
  m_Children:
  - {fileID: 4772396895861682}
  - {fileID: 4582165004508342}
  - {fileID: 4493511953614414}
  m_Father: {fileID: 4829418803958916}
  m_RootOrder: 0
  m_LocalEulerAnglesHint: {x: -0.00024032593, y: 0.00007927418, z: -0.045622826}
--- !u!4 &4493511953614414
Transform:
  m_ObjectHideFlags: 1
  m_PrefabParentObject: {fileID: 0}
  m_PrefabInternal: {fileID: 100100000}
  m_GameObject: {fileID: 1355671808364192}
  m_LocalRotation: {x: -3.0117673e-14, y: 0, z: -0, w: 1}
  m_LocalPosition: {x: -0.017967863, y: -0.00001907587, z: -5.2909e-11}
  m_LocalScale: {x: 1, y: 1, z: 1}
  m_Children:
  - {fileID: 4897216132683266}
  m_Father: {fileID: 4475748983533090}
  m_RootOrder: 2
  m_LocalEulerAnglesHint: {x: 27.018446, y: 9.480538, z: -36.88949}
--- !u!4 &4535988013816042
Transform:
  m_ObjectHideFlags: 1
  m_PrefabParentObject: {fileID: 0}
  m_PrefabInternal: {fileID: 100100000}
  m_GameObject: {fileID: 1195889963477822}
  m_LocalRotation: {x: 0.0000000044766004, y: 0.000000012587028, z: -0.16575544, w: 0.9861669}
  m_LocalPosition: {x: -0.0030469513, y: 0, z: 0}
  m_LocalScale: {x: 0.99999994, y: 0.99999994, z: 0.99999994}
  m_Children: []
  m_Father: {fileID: 4589499362510556}
  m_RootOrder: 0
  m_LocalEulerAnglesHint: {x: 0, y: 0, z: -19.88753}
--- !u!4 &4559026351218030
Transform:
  m_ObjectHideFlags: 1
  m_PrefabParentObject: {fileID: 0}
  m_PrefabInternal: {fileID: 100100000}
  m_GameObject: {fileID: 1022507318885606}
  m_LocalRotation: {x: 0.09942481, y: -0.091676384, z: -0.031432994, w: 0.9903142}
  m_LocalPosition: {x: -0.033164166, y: 8.9406965e-10, z: 0}
  m_LocalScale: {x: 0.99999994, y: 0.9999998, z: 0.9999999}
  m_Children:
  - {fileID: 4713613941828978}
  m_Father: {fileID: 4103215114088626}
  m_RootOrder: 0
  m_LocalEulerAnglesHint: {x: -6.5281935, y: -15.558473, z: -13.197952}
--- !u!4 &4582165004508342
Transform:
  m_ObjectHideFlags: 1
  m_PrefabParentObject: {fileID: 0}
  m_PrefabInternal: {fileID: 100100000}
  m_GameObject: {fileID: 1158961319665338}
  m_LocalRotation: {x: -0.053757668, y: 0.99283695, z: -0.05531498, w: -0.091242775}
  m_LocalPosition: {x: 0.0062810564, y: -0.0031749748, z: -0.011535698}
  m_LocalScale: {x: 1, y: 1, z: 1}
  m_Children:
  - {fileID: 4103215114088626}
  m_Father: {fileID: 4475748983533090}
  m_RootOrder: 1
  m_LocalEulerAnglesHint: {x: 9.556916, y: -157.74715, z: -54.468143}
--- !u!4 &4589499362510556
Transform:
  m_ObjectHideFlags: 1
  m_PrefabParentObject: {fileID: 0}
  m_PrefabInternal: {fileID: 100100000}
  m_GameObject: {fileID: 1891069121536496}
  m_LocalRotation: {x: 0.0000000028575047, y: -0.0000000064846106, z: -0.008169164,
    w: 0.9999666}
  m_LocalPosition: {x: -0.0051724454, y: 0, z: -0.0000000047683715}
  m_LocalScale: {x: 0.99999994, y: 0.99999994, z: 0.99999994}
  m_Children:
  - {fileID: 4535988013816042}
  m_Father: {fileID: 4431061823273798}
  m_RootOrder: 0
  m_LocalEulerAnglesHint: {x: -0.00000042164018, y: 0.000000066724006, z: -8.992414}
--- !u!4 &4596537584358066
Transform:
  m_ObjectHideFlags: 1
  m_PrefabParentObject: {fileID: 0}
  m_PrefabInternal: {fileID: 100100000}
  m_GameObject: {fileID: 1927920552670256}
  m_LocalRotation: {x: -0.50000036, y: 0.49999964, z: 0.49999964, w: 0.50000036}
  m_LocalPosition: {x: -1.0587897e-24, y: 0.06659, z: 0.000000003998719}
  m_LocalScale: {x: 0.99999994, y: 0.99999994, z: 1}
  m_Children:
  - {fileID: 4120208709081788}
  - {fileID: 4829418803958916}
  - {fileID: 4100169933671364}
  m_Father: {fileID: 4973452725734356}
  m_RootOrder: 0
  m_LocalEulerAnglesHint: {x: -73.07591, y: 4.5718536, z: 64.40899}
--- !u!4 &4601129570370680
Transform:
  m_ObjectHideFlags: 1
  m_PrefabParentObject: {fileID: 0}
  m_PrefabInternal: {fileID: 100100000}
  m_GameObject: {fileID: 1909385285694090}
  m_LocalRotation: {x: -0.0000000067206636, y: -0.0000000010877396, z: -0.11640222,
    w: 0.9932022}
  m_LocalPosition: {x: -0.0025260304, y: 0, z: 0}
  m_LocalScale: {x: 0.99999994, y: 1, z: 1}
  m_Children: []
  m_Father: {fileID: 4628997058062732}
  m_RootOrder: 0
  m_LocalEulerAnglesHint: {x: -7.895134, y: 5.394932, z: -34.50943}
--- !u!4 &4628997058062732
Transform:
  m_ObjectHideFlags: 1
  m_PrefabParentObject: {fileID: 0}
  m_PrefabInternal: {fileID: 100100000}
  m_GameObject: {fileID: 1943482805040548}
  m_LocalRotation: {x: 0.0000000045468003, y: -0.0000000017250399, z: -0.16910225,
    w: 0.9855985}
  m_LocalPosition: {x: -0.0034153676, y: 0, z: 0}
  m_LocalScale: {x: 1, y: 1.0000001, z: 1}
  m_Children:
  - {fileID: 4601129570370680}
  m_Father: {fileID: 4759656282724318}
  m_RootOrder: 0
  m_LocalEulerAnglesHint: {x: -8.220761, y: 4.882315, z: -30.853674}
--- !u!4 &4638465743504426
Transform:
  m_ObjectHideFlags: 1
  m_PrefabParentObject: {fileID: 0}
  m_PrefabInternal: {fileID: 100100000}
  m_GameObject: {fileID: 1712735015496786}
  m_LocalRotation: {x: -0.000000015454312, y: 0.000000015454312, z: -0.7071068, w: 0.7071068}
  m_LocalPosition: {x: -0.008066026, y: 0.013259631, z: 0}
  m_LocalScale: {x: 1, y: 0.99999994, z: 1}
  m_Children: []
  m_Father: {fileID: 4392766494508934}
  m_RootOrder: 0
  m_LocalEulerAnglesHint: {x: -0.00004183502, y: -0.000035688907, z: -90.00007}
--- !u!4 &4682970642310624
Transform:
  m_ObjectHideFlags: 1
  m_PrefabParentObject: {fileID: 0}
  m_PrefabInternal: {fileID: 100100000}
  m_GameObject: {fileID: 1354365694700240}
  m_LocalRotation: {x: -2.3898843e-14, y: -0.00000009116674, z: 0.03287012, w: 0.9994596}
  m_LocalPosition: {x: -0.011019048, y: 0, z: -9.094947e-15}
  m_LocalScale: {x: 1, y: 1, z: 0.99999994}
  m_Children:
  - {fileID: 4739790985256448}
  m_Father: {fileID: 4897216132683266}
  m_RootOrder: 0
  m_LocalEulerAnglesHint: {x: -35.9815, y: -16.523113, z: 64.05497}
--- !u!4 &4683673001834642
Transform:
  m_ObjectHideFlags: 1
  m_PrefabParentObject: {fileID: 0}
  m_PrefabInternal: {fileID: 100100000}
  m_GameObject: {fileID: 1829679716023780}
  m_LocalRotation: {x: -0.04431433, y: 0.078412846, z: -0.05894033, w: 0.99419004}
  m_LocalPosition: {x: -0.009862542, y: 1.4901161e-10, z: 0.000000009536743}
  m_LocalScale: {x: 1, y: 0.99999994, z: 1.0000001}
  m_Children:
  - {fileID: 4872215796393388}
  m_Father: {fileID: 4987627480658258}
  m_RootOrder: 0
  m_LocalEulerAnglesHint: {x: 43.543076, y: 63.110214, z: 42.706673}
--- !u!4 &4713613941828978
Transform:
  m_ObjectHideFlags: 1
  m_PrefabParentObject: {fileID: 0}
  m_PrefabInternal: {fileID: 100100000}
  m_GameObject: {fileID: 1344004879578656}
  m_LocalRotation: {x: 0.000000015454313, y: -0.000000015454313, z: -0.7071068, w: 0.7071068}
  m_LocalPosition: {x: -0.008066027, y: 0.0132596325, z: 0}
  m_LocalScale: {x: 1.0000001, y: 1, z: 1.0000001}
  m_Children: []
  m_Father: {fileID: 4559026351218030}
  m_RootOrder: 0
  m_LocalEulerAnglesHint: {x: 0.000010322031, y: -0.000009047915, z: -90.00007}
--- !u!4 &4738108397979106
Transform:
  m_ObjectHideFlags: 1
  m_PrefabParentObject: {fileID: 0}
  m_PrefabInternal: {fileID: 100100000}
  m_GameObject: {fileID: 1372624326877782}
  m_LocalRotation: {x: 0.000000004730961, y: -0.000000014501302, z: 0.099832244, w: 0.9950043}
  m_LocalPosition: {x: -0.026564347, y: 0, z: -0.0000000023841857}
  m_LocalScale: {x: 1, y: 1.0000001, z: 1.0000001}
  m_Children:
  - {fileID: 4392766494508934}
  m_Father: {fileID: 4772396895861682}
  m_RootOrder: 0
  m_LocalEulerAnglesHint: {x: -0.00000094526087, y: -0.0000029296184, z: 38.427303}
--- !u!4 &4739790985256448
Transform:
  m_ObjectHideFlags: 1
  m_PrefabParentObject: {fileID: 0}
  m_PrefabInternal: {fileID: 100100000}
  m_GameObject: {fileID: 1430432839856862}
  m_LocalRotation: {x: -0.61078775, y: 0.79179436, z: 0.00000064227106, w: 0.0000007090004}
  m_LocalPosition: {x: -0.001927948, y: 0.00020197629, z: -0.000000009536734}
  m_LocalScale: {x: 1.0000001, y: 1, z: 1}
  m_Children: []
  m_Father: {fileID: 4682970642310624}
  m_RootOrder: 0
  m_LocalEulerAnglesHint: {x: -0.00010570254, y: 179.99997, z: -75.29297}
--- !u!4 &4759656282724318
Transform:
  m_ObjectHideFlags: 1
  m_PrefabParentObject: {fileID: 0}
  m_PrefabInternal: {fileID: 100100000}
  m_GameObject: {fileID: 1984479208649746}
  m_LocalRotation: {x: -0.00044428234, y: 0.047429837, z: -0.100598454, w: 0.9937959}
  m_LocalPosition: {x: -0.017707756, y: 0.000003604889, z: -0.00041458904}
  m_LocalScale: {x: 1, y: 1.0000001, z: 0.9999999}
  m_Children:
  - {fileID: 4628997058062732}
  m_Father: {fileID: 4370276732862546}
  m_RootOrder: 1
  m_LocalEulerAnglesHint: {x: -8.2787895, y: 9.202654, z: -23.457478}
--- !u!4 &4772396895861682
Transform:
  m_ObjectHideFlags: 1
  m_PrefabParentObject: {fileID: 0}
  m_PrefabInternal: {fileID: 100100000}
  m_GameObject: {fileID: 1284404407788766}
  m_LocalRotation: {x: -0.05375741, y: 0.9928368, z: 0.05531773, w: 0.091242835}
  m_LocalPosition: {x: 0.0062810564, y: -0.0031750388, z: 0.011535688}
  m_LocalScale: {x: 1, y: 1.0000001, z: 1.0000001}
  m_Children:
  - {fileID: 4738108397979106}
  m_Father: {fileID: 4475748983533090}
  m_RootOrder: 0
  m_LocalEulerAnglesHint: {x: -8.302064, y: 168.88342, z: -30.85609}
--- !u!4 &4829418803958916
Transform:
  m_ObjectHideFlags: 1
  m_PrefabParentObject: {fileID: 0}
  m_PrefabInternal: {fileID: 100100000}
  m_GameObject: {fileID: 1205286441020452}
  m_LocalRotation: {x: -0.49999964, y: 0.50000036, z: 0.49999964, w: 0.50000036}
  m_LocalPosition: {x: -0, y: 0, z: 0}
  m_LocalScale: {x: 1, y: 0.99999994, z: 0.99999994}
  m_Children:
  - {fileID: 4475748983533090}
  m_Father: {fileID: 4596537584358066}
  m_RootOrder: 1
  m_LocalEulerAnglesHint: {x: -90, y: 90, z: 0}
--- !u!4 &4872215796393388
Transform:
  m_ObjectHideFlags: 1
  m_PrefabParentObject: {fileID: 0}
  m_PrefabInternal: {fileID: 100100000}
  m_GameObject: {fileID: 1528043263445122}
  m_LocalRotation: {x: -0.00000000817678, y: 0.00000004407879, z: 0.10783099, w: 0.9941693}
  m_LocalPosition: {x: -0.02375839, y: -0.0000000011920929, z: 0}
  m_LocalScale: {x: 1, y: 1, z: 1}
  m_Children:
  - {fileID: 4132973848397604}
  m_Father: {fileID: 4683673001834642}
  m_RootOrder: 0
  m_LocalEulerAnglesHint: {x: 0.0000033844112, y: 0.000005089524, z: 31.6019}
--- !u!4 &4897216132683266
Transform:
  m_ObjectHideFlags: 1
  m_PrefabParentObject: {fileID: 0}
  m_PrefabInternal: {fileID: 100100000}
  m_GameObject: {fileID: 1601539722950612}
  m_LocalRotation: {x: -6.0261705e-14, y: 0.00000043104396, z: -0.15540953, w: 0.9878501}
  m_LocalPosition: {x: -0.02997201, y: -0.0023436039, z: 3.6574987e-10}
  m_LocalScale: {x: 1, y: 1, z: 1}
  m_Children:
  - {fileID: 4682970642310624}
  - {fileID: 4143182034050700}
  - {fileID: 4987627480658258}
  m_Father: {fileID: 4493511953614414}
  m_RootOrder: 0
  m_LocalEulerAnglesHint: {x: -6.9692636, y: -22.328978, z: -16.504059}
--- !u!4 &4966583548058484
Transform:
  m_ObjectHideFlags: 1
  m_PrefabParentObject: {fileID: 0}
  m_PrefabInternal: {fileID: 100100000}
  m_GameObject: {fileID: 1070856541099006}
  m_LocalRotation: {x: -0.7071068, y: 0, z: -0, w: 0.7071068}
  m_LocalPosition: {x: -0, y: 1.323489e-25, z: -7.2341494e-10}
  m_LocalScale: {x: 1, y: 1, z: 1}
  m_Children: []
  m_Father: {fileID: 4973452725734356}
  m_RootOrder: 2
  m_LocalEulerAnglesHint: {x: 0, y: 0, z: 0}
--- !u!4 &4973452725734356
Transform:
  m_ObjectHideFlags: 1
  m_PrefabParentObject: {fileID: 0}
  m_PrefabInternal: {fileID: 100100000}
  m_GameObject: {fileID: 1791554079981406}
  m_LocalRotation: {x: 0, y: 1, z: 0, w: 0}
  m_LocalPosition: {x: 0, y: 0, z: 18}
  m_LocalScale: {x: 20, y: 20, z: 20}
  m_Children:
  - {fileID: 4596537584358066}
  - {fileID: 4180909886483480}
  - {fileID: 4966583548058484}
  m_Father: {fileID: 0}
  m_RootOrder: 0
  m_LocalEulerAnglesHint: {x: 0, y: 180, z: 0}
--- !u!4 &4987627480658258
Transform:
  m_ObjectHideFlags: 1
  m_PrefabParentObject: {fileID: 0}
  m_PrefabInternal: {fileID: 100100000}
  m_GameObject: {fileID: 1414248525334068}
  m_LocalRotation: {x: 0.49706125, y: 0.07839983, z: 0.8536133, w: -0.13464025}
  m_LocalPosition: {x: 0.0010203838, y: -0.00097064255, z: -0.009127134}
  m_LocalScale: {x: 0.99999994, y: 1, z: 0.99999994}
  m_Children:
  - {fileID: 4683673001834642}
  m_Father: {fileID: 4897216132683266}
  m_RootOrder: 2
  m_LocalEulerAnglesHint: {x: -7.68739, y: 79.831375, z: -159.26653}
--- !u!95 &95385531550923228
Animator:
  serializedVersion: 3
  m_ObjectHideFlags: 1
  m_PrefabParentObject: {fileID: 0}
  m_PrefabInternal: {fileID: 100100000}
  m_GameObject: {fileID: 1791554079981406}
  m_Enabled: 1
  m_Avatar: {fileID: 9000000, guid: 5a35c5f0a89b9654d897ccd7c8f81bd0, type: 3}
  m_Controller: {fileID: 9100000, guid: 272e4f91be803cf4bbbe5620aadbc4ac, type: 2}
  m_CullingMode: 1
  m_UpdateMode: 0
  m_ApplyRootMotion: 0
  m_LinearVelocityBlending: 0
  m_WarningMessage: 
  m_HasTransformHierarchy: 1
  m_AllowConstantClipSamplingOptimization: 1
--- !u!114 &114224143120634234
MonoBehaviour:
  m_ObjectHideFlags: 1
  m_PrefabParentObject: {fileID: 0}
  m_PrefabInternal: {fileID: 100100000}
  m_GameObject: {fileID: 1791554079981406}
  m_Enabled: 1
  m_EditorHideFlags: 0
  m_Script: {fileID: 11500000, guid: d9aaee4e467546341a861a0df192fb74, type: 3}
  m_Name: 
  m_EditorClassIdentifier: 
  animator: {fileID: 95385531550923228}
  enemyController: {fileID: 114640871541840556}
--- !u!114 &114640871541840556
MonoBehaviour:
  m_ObjectHideFlags: 1
  m_PrefabParentObject: {fileID: 0}
  m_PrefabInternal: {fileID: 100100000}
  m_GameObject: {fileID: 1791554079981406}
  m_Enabled: 1
  m_EditorHideFlags: 0
  m_Script: {fileID: 11500000, guid: a464ed14599519540992c9d23d7f3dbb, type: 3}
  m_Name: 
  m_EditorClassIdentifier: 
--- !u!136 &136572497666110706
CapsuleCollider:
  m_ObjectHideFlags: 1
  m_PrefabParentObject: {fileID: 0}
  m_PrefabInternal: {fileID: 100100000}
  m_GameObject: {fileID: 1791554079981406}
  m_Material: {fileID: 0}
  m_IsTrigger: 1
  m_Enabled: 1
  m_Radius: 0.04
  m_Height: 0.2
  m_Direction: 1
  m_Center: {x: 0, y: 0.06, z: 0}
--- !u!137 &137152408511303400
SkinnedMeshRenderer:
  m_ObjectHideFlags: 1
  m_PrefabParentObject: {fileID: 0}
  m_PrefabInternal: {fileID: 100100000}
  m_GameObject: {fileID: 1810489287057532}
  m_Enabled: 1
  m_CastShadows: 1
  m_ReceiveShadows: 1
  m_DynamicOccludee: 1
  m_MotionVectors: 1
  m_LightProbeUsage: 1
  m_ReflectionProbeUsage: 1
  m_Materials:
  - {fileID: 2100000, guid: ed14df0368fe53543907335c0e3902c6, type: 2}
  m_StaticBatchInfo:
    firstSubMesh: 0
    subMeshCount: 0
  m_StaticBatchRoot: {fileID: 0}
  m_ProbeAnchor: {fileID: 0}
  m_LightProbeVolumeOverride: {fileID: 0}
  m_ScaleInLightmap: 1
  m_PreserveUVs: 0
  m_IgnoreNormalsForChartDetection: 0
  m_ImportantGI: 0
  m_StitchLightmapSeams: 0
  m_SelectedEditorRenderState: 3
  m_MinimumChartSize: 4
  m_AutoUVMaxDistance: 0.5
  m_AutoUVMaxAngle: 89
  m_LightmapParameters: {fileID: 0}
  m_SortingLayerID: 0
  m_SortingLayer: 0
  m_SortingOrder: 0
  serializedVersion: 2
  m_Quality: 0
  m_UpdateWhenOffscreen: 0
  m_SkinnedMotionVectors: 1
  m_Mesh: {fileID: 4300002, guid: 5a35c5f0a89b9654d897ccd7c8f81bd0, type: 3}
  m_Bones:
  - {fileID: 4100169933671364}
  m_BlendShapeWeights: []
  m_RootBone: {fileID: 4100169933671364}
  m_AABB:
    m_Center: {x: 0.0014118608, y: 0.00002192147, z: 0.040557608}
    m_Extent: {x: 0.012434602, y: 0.006705285, z: 0.05640191}
  m_DirtyAABB: 0
--- !u!137 &137262606418305486
SkinnedMeshRenderer:
  m_ObjectHideFlags: 1
  m_PrefabParentObject: {fileID: 0}
  m_PrefabInternal: {fileID: 100100000}
  m_GameObject: {fileID: 1070856541099006}
  m_Enabled: 1
  m_CastShadows: 1
  m_ReceiveShadows: 1
  m_DynamicOccludee: 1
  m_MotionVectors: 1
  m_LightProbeUsage: 1
  m_ReflectionProbeUsage: 1
  m_Materials:
  - {fileID: 2100000, guid: ed14df0368fe53543907335c0e3902c6, type: 2}
  m_StaticBatchInfo:
    firstSubMesh: 0
    subMeshCount: 0
  m_StaticBatchRoot: {fileID: 0}
  m_ProbeAnchor: {fileID: 0}
  m_LightProbeVolumeOverride: {fileID: 0}
  m_ScaleInLightmap: 1
  m_PreserveUVs: 0
  m_IgnoreNormalsForChartDetection: 0
  m_ImportantGI: 0
  m_StitchLightmapSeams: 0
  m_SelectedEditorRenderState: 3
  m_MinimumChartSize: 4
  m_AutoUVMaxDistance: 0.5
  m_AutoUVMaxAngle: 89
  m_LightmapParameters: {fileID: 0}
  m_SortingLayerID: 0
  m_SortingLayer: 0
  m_SortingOrder: 0
  serializedVersion: 2
  m_Quality: 0
  m_UpdateWhenOffscreen: 0
  m_SkinnedMotionVectors: 1
  m_Mesh: {fileID: 4300000, guid: 5a35c5f0a89b9654d897ccd7c8f81bd0, type: 3}
  m_Bones:
  - {fileID: 4129190439293914}
  - {fileID: 4143182034050700}
  - {fileID: 4077030627856070}
  - {fileID: 4370276732862546}
  - {fileID: 4759656282724318}
  - {fileID: 4628997058062732}
  - {fileID: 4601129570370680}
  - {fileID: 4431061823273798}
  - {fileID: 4589499362510556}
  - {fileID: 4535988013816042}
  - {fileID: 4829418803958916}
  - {fileID: 4475748983533090}
  - {fileID: 4493511953614414}
  - {fileID: 4772396895861682}
  - {fileID: 4738108397979106}
  - {fileID: 4392766494508934}
  - {fileID: 4638465743504426}
  - {fileID: 4987627480658258}
  - {fileID: 4683673001834642}
  - {fileID: 4582165004508342}
  - {fileID: 4103215114088626}
  - {fileID: 4559026351218030}
  - {fileID: 4713613941828978}
  - {fileID: 4872215796393388}
  - {fileID: 4132973848397604}
  - {fileID: 4080189538421538}
  - {fileID: 4444844700580018}
  - {fileID: 4197771316083458}
  - {fileID: 4047378593835396}
  - {fileID: 4186832562387210}
  - {fileID: 4146757985273304}
  - {fileID: 4682970642310624}
  - {fileID: 4739790985256448}
  - {fileID: 4897216132683266}
  m_BlendShapeWeights: []
  m_RootBone: {fileID: 4829418803958916}
  m_AABB:
    m_Center: {x: -0.011821274, y: 0.005415788, z: -0.000000014901161}
    m_Extent: {x: 0.07841134, y: 0.01940385, z: 0.06694175}
  m_DirtyAABB: 0
